@article{Koch2021Moving,
  title={Moving from ISAD(G) to a CIDOC CRM-based Linked Data Model in the Portuguese Archives},
  author={I. Koch and C. Teixeira Lopes and C. Ribeiro},
  journal={ACM Journal of Computing and Cultural Heritage},
  volume={1},
  number={1},
  pages={1--23},
  year={2021},
  publisher={ACM},
  doi={10.1145/3479713}
}
@article{LlanesPadron2023RiC-CM,
  title={RiC-CM en construcción: del modelo descriptivo sintáctico (2016) al semántico armonizador (2021)},
  author={D. Llanes Padrón and M. Moro Cabero},
  journal={Revista Española de Documentación Científica},
  volume={46},
  number={1},
  pages={e347},
  year={2023},
  publisher={Consejo Superior de Investigaciones Científicas (CSIC)},
  doi={10.3989/redc.2023.1.1949}
}

@article{GarneloShanahan2019,
    author = {Marta Garnelo and Murray Shanahan},
    title = {Reconciling deep learning with symbolic artificial intelligence: representing objects and relations},
    journal = {Current Opinion in Behavioral Sciences},
    volume = {29},
    year = {2019},
    pages = {17-23},
    doi = {10.1016/j.cobeha.2018.12.010},
    url = {https://www.sciencedirect.com/science/article/pii/S2352154618301943}
}

@misc{IFLA1997Functional,
  author={{International Federation of Library Associations and Institutions}},
  title={Functional Requirements for Bibliographic Records},
  howpublished={Final Report of the IFLA Study Group on the Functional Requirements for Bibliographic Records},
  note={Approved by the Standing Committee of the IFLA Section on Cataloguing},
  month={Sep},
  year={1997},
}

@online{arapinis2018ontologie,
  title = {Ontologie formelle (A)},
  author = {Arapinis, Alexandra},
  year = {2018},
  editor = {Kristanek, Maxime},
  booktitle = {l'Encyclopédie philosophique},
  url = {https://encyclo-philo.fr/ontologie-formelle-a},
  note = {Consulté le 5 janvier 2024},
}

@inbook{inbook,
author = {Guarino, Nicola},
year = {1995},
month = {01},
pages = {25-32.},
title = {Ontologies and knowledge bases: towards a terminological clarification}
}

@article{Gruber1995Ontologies,
  author  = {Thomas R. Gruber},
  title   = {Toward Principles for the Design of Ontologies Used for Knowledge Sharing?},
  journal = {International Journal of Human-Computer Studies},
  year    = {1995},
  volume  = {43},
  number  = {5-6},
  pages   = {907--928},
  issn    = {1071-5819},
  doi     = {10.1006/ijhc.1995.1081},
  url     = {https://doi.org/10.1006/ijhc.1995.1081}
}


@misc{ICA2016,
  title        = {Records in Contexts: A Conceptual Model for Archival Description},
  author       = {{International Council on Archives, Experts Group on Archival Description}},
  year         = 2016,
  month        = sep,
  version      = {0.1},
  note         = {Consultation Draft},
  howpublished = {\url{egad@ica.org}}
}

@misc{ICARiCOv02,
  author       = {Florence Clavaud and {International Council on Archives Expert Group on Archival Description (ICA EGAD)}},
  title        = {Records in Contexts Ontology (ICA RiC-O) version 0.2},
  year         = 2021,
  month        = feb,
  version      = {0.2},
  publisher    = {International Council on Archives},
  howpublished = {\url{https://www.ica.org/standards/RiC/RiC-O_v0-2.html}},
  annotation   = {Contributors include Aaron Rubinstein, Daniel Pitti, Miia Herrala, and Tobias Wildi.}
}

@article{Duranti2001Impact,
  author  = {Luciana Duranti},
  title   = {The Impact of Digital Technology on Archival Science},
  journal = {Archival Science},
  year    = {2001},
  volume  = {1},
  pages   = {39--55},
  doi     = {10.1007/BF02435638},
  url     = {https://doi.org/10.1007}
}

@article{Taylor1987Transformation,
  author  = {Hugh A. Taylor},
  title   = {Transformation in the Archives: Technological Adjustment or Paradigm Shift?},
  journal = {Archivaria},
  year    = {1987},
  volume  = {25},
  month   = {January},
  pages   = {12--28},
  url     = {https://archivaria.ca/index.php/archivaria/article/view/11451}
}

@article{MacNeil2007ArchivalTheory,
  author  = {Heather MacNeil},
  title   = {Archival Theory and Practice: Between Two Paradigms},
  journal = {Archives \& Social Studies: A Journal of Interdisciplinary Research},
  year    = {2007},
  volume  = {1},
  number  = {1},
  month   = {September},
  pages   = {517-545},
  url     = {https://archivo.cartagena.es/doc/Archivos_Social_Studies/Vol1_n1/05-macneil_archival.pdf}
}

@article{ColavizzaBlankeJeurgensetAl2021,
author = {Colavizza, Giovanni and Blanke, Tobias and Jeurgens, Charles and Noordegraaf, Julia},
year = {2021},
month = {05},
pages = {},
title = {Archives and AI: An Overview of Current Debates and Future Perspectives}
}

@article{Spina2023AI,
  author  = {S. Spina},
  title   = {Artificial Intelligence in archival and historical scholarship workflow: HTS and ChatGPT},
  journal = {Umanistica Digitale},
  year    = {2023},
  volume  = {7},
  number  = {16},
  pages   = {125--140},
  doi     = {10.6092/issn.2532-8816/17205},
  url     = {https://doi.org/10.6092/issn.2532-8816/17205}
}

@article{RokeTillman2022PragmaticPrinciples,
  author  = {Elizabeth Russey Roke and Ruth Kitchin Tillman},
  title   = {Pragmatic Principles for Archival Linked Data},
  journal = {The American Archivist},
  year    = {2022},
  volume  = {85},
  number  = {1},
  pages   = {173--201},
  doi     = {10.17723/2327-9702-85.1.173},
  url     = {https://doi.org/10.17723/2327-9702-85.1.173}
}

@article{Brooks1990Elephants,
  author  = {Rodney A. Brooks},
  title   = {Elephants Don't Play Chess},
  journal = {Robotics and Autonomous Systems},
  year    = {1990},
  volume  = {6},
  pages   = {3--15},
  address = {Cambridge, MA, USA},
  publisher = {MIT Artificial Intelligence Laboratory}
}

